@online{bagOfWords,
    author = "Jocelyn D'Souza",
    title = "An Introduction to Bag-of-Words in NLP",
    url  = "https://medium.com/greyatom/an-introduction-to-bag-of-words-in-nlp-ac967d43b428",
    addendum = "(accessed: 11.24.2020)"
}

@article{arabic,
title = "Beyond vector space model for hierarchical Arabic text classification: A Markov chain approach",
journal = "Information Processing & Management",
volume = "54",
number = "1",
pages = "105 - 115",
year = "2018",
issn = "0306-4573",
doi = "https://doi.org/10.1016/j.ipm.2017.10.003",
url = "http://www.sciencedirect.com/science/article/pii/S0306457317302741",
author = "Fawaz S. Al-Anzi and Dia AbuZeina"
}

@InProceedings{textMining,
author="Hoffmeister, Bj{\"o}rn
and Zeugmann, Thomas",
editor="Jantke, Klaus P.
and Lunzer, Aran
and Spyratos, Nicolas
and Tanaka, Yuzuru",
title="Text Mining Using Markov Chains of Variable Length",
booktitle="Federation over the Web",
year="2006",
publisher="Springer Berlin Heidelberg",
address="Berlin, Heidelberg",
pages="1--24"
}

@article{hmmMed,
author = {Kwan Yi and Jamshid Beheshti},
title ={A hidden Markov model-based text classification of medical documents},
journal = {Journal of Information Science},
volume = {35},
number = {1},
pages = {67-81},
year = {2009},
doi = {10.1177/0165551508092257},
URL = {https://doi.org/10.1177/0165551508092257},
eprint = {https://doi.org/10.1177/0165551508092257}
}

@book{tidytext,
    title = {Text Mining with R},
    author = {Julia Silge and David Robinson},
    isbn = {1491981652},
    year = {2017},
    publisher = {O'Reilly Media}
}